%YAML 1.1
%TAG !u! tag:unity3d.com,2011:
--- !u!1 &5925199812033723481
GameObject:
  m_ObjectHideFlags: 0
  m_CorrespondingSourceObject: {fileID: 0}
  m_PrefabInstance: {fileID: 0}
  m_PrefabAsset: {fileID: 0}
  serializedVersion: 6
  m_Component:
  - component: {fileID: 5925199812033723478}
  - component: {fileID: 5925199812033723479}
  - component: {fileID: 5925199812033723480}
  - component: {fileID: 5925199812033723477}
  m_Layer: 0
  m_Name: XR Origin 360
  m_TagString: Untagged
  m_Icon: {fileID: 0}
  m_NavMeshLayer: 0
  m_StaticEditorFlags: 0
  m_IsActive: 1
--- !u!4 &5925199812033723478
Transform:
  m_ObjectHideFlags: 0
  m_CorrespondingSourceObject: {fileID: 0}
  m_PrefabInstance: {fileID: 0}
  m_PrefabAsset: {fileID: 0}
  m_GameObject: {fileID: 5925199812033723481}
  m_LocalRotation: {x: 0, y: 0, z: 0, w: 1}
  m_LocalPosition: {x: 0.177, y: -0.994, z: -4.781}
  m_LocalScale: {x: 1, y: 1, z: 1}
  m_ConstrainProportionsScale: 0
  m_Children:
  - {fileID: 5925199813633495264}
  m_Father: {fileID: 0}
  m_RootOrder: 0
  m_LocalEulerAnglesHint: {x: 0, y: 0, z: 0}
--- !u!114 &5925199812033723479
MonoBehaviour:
  m_ObjectHideFlags: 0
  m_CorrespondingSourceObject: {fileID: 0}
  m_PrefabInstance: {fileID: 0}
  m_PrefabAsset: {fileID: 0}
  m_GameObject: {fileID: 5925199812033723481}
  m_Enabled: 1
  m_EditorHideFlags: 0
  m_Script: {fileID: 11500000, guid: e0cb9aa70a22847b5925ee5f067c10a9, type: 3}
  m_Name: 
  m_EditorClassIdentifier: 
  m_Camera: {fileID: 5925199812091313705}
  m_OriginBaseGameObject: {fileID: 5925199812033723481}
  m_CameraFloorOffsetObject: {fileID: 5925199813633495265}
  m_RequestedTrackingOriginMode: 0
  m_CameraYOffset: 1.1176
--- !u!114 &5925199812033723480
MonoBehaviour:
  m_ObjectHideFlags: 0
  m_CorrespondingSourceObject: {fileID: 0}
  m_PrefabInstance: {fileID: 0}
  m_PrefabAsset: {fileID: 0}
  m_GameObject: {fileID: 5925199812033723481}
  m_Enabled: 1
  m_EditorHideFlags: 0
  m_Script: {fileID: 11500000, guid: 017c5e3933235514c9520e1dace2a4b2, type: 3}
  m_Name: 
  m_EditorClassIdentifier: 
  m_ActionAssets:
  - {fileID: -944628639613478452, guid: c348712bda248c246b8c49b3db54643f, type: 3}
--- !u!114 &5925199812033723477
MonoBehaviour:
  m_ObjectHideFlags: 0
  m_CorrespondingSourceObject: {fileID: 0}
  m_PrefabInstance: {fileID: 0}
  m_PrefabAsset: {fileID: 0}
  m_GameObject: {fileID: 5925199812033723481}
  m_Enabled: 1
  m_EditorHideFlags: 0
  m_Script: {fileID: 11500000, guid: f7c47f751223efc489af11077c5119ae, type: 3}
  m_Name: 
  m_EditorClassIdentifier: 
  radius: 0.1
--- !u!1 &5925199812091313709
GameObject:
  m_ObjectHideFlags: 0
  m_CorrespondingSourceObject: {fileID: 0}
  m_PrefabInstance: {fileID: 0}
  m_PrefabAsset: {fileID: 0}
  serializedVersion: 6
  m_Component:
  - component: {fileID: 5925199812091313708}
  - component: {fileID: 5925199812091313705}
  - component: {fileID: 5925199812091313706}
  - component: {fileID: 5925199812091313707}
  - component: {fileID: 5925199812091313704}
  - component: {fileID: 426198355}
  m_Layer: 0
  m_Name: Main Camera
  m_TagString: MainCamera
  m_Icon: {fileID: 0}
  m_NavMeshLayer: 0
  m_StaticEditorFlags: 0
  m_IsActive: 1
--- !u!4 &5925199812091313708
Transform:
  m_ObjectHideFlags: 0
  m_CorrespondingSourceObject: {fileID: 0}
  m_PrefabInstance: {fileID: 0}
  m_PrefabAsset: {fileID: 0}
  m_GameObject: {fileID: 5925199812091313709}
  m_LocalRotation: {x: -0, y: -0.000029233746, z: -0, w: 1}
  m_LocalPosition: {x: -0.18000038, y: 0, z: 3.48}
  m_LocalScale: {x: 1, y: 1, z: 1}
  m_ConstrainProportionsScale: 0
  m_Children:
  - {fileID: 4528117636780020817}
  - {fileID: 6648333803818463335}
  - {fileID: 350741001321702632}
  m_Father: {fileID: 5925199813633495264}
  m_RootOrder: 0
  m_LocalEulerAnglesHint: {x: 0, y: -0.003, z: 0}
--- !u!20 &5925199812091313705
Camera:
  m_ObjectHideFlags: 0
  m_CorrespondingSourceObject: {fileID: 0}
  m_PrefabInstance: {fileID: 0}
  m_PrefabAsset: {fileID: 0}
  m_GameObject: {fileID: 5925199812091313709}
  m_Enabled: 1
  serializedVersion: 2
  m_ClearFlags: 1
  m_BackGroundColor: {r: 0.19215687, g: 0.3019608, b: 0.4745098, a: 0}
  m_projectionMatrixMode: 1
  m_GateFitMode: 2
  m_FOVAxisMode: 0
  m_SensorSize: {x: 36, y: 24}
  m_LensShift: {x: 0, y: 0}
  m_FocalLength: 50
  m_NormalizedViewPortRect:
    serializedVersion: 2
    x: 0
    y: 0
    width: 1
    height: 1
  near clip plane: 0.01
  far clip plane: 1000
  field of view: 60
  orthographic: 0
  orthographic size: 5
  m_Depth: 0
  m_CullingMask:
    serializedVersion: 2
    m_Bits: 4294967295
  m_RenderingPath: -1
  m_TargetTexture: {fileID: 0}
  m_TargetDisplay: 0
  m_TargetEye: 3
  m_HDR: 1
  m_AllowMSAA: 1
  m_AllowDynamicResolution: 0
  m_ForceIntoRT: 0
  m_OcclusionCulling: 1
  m_StereoConvergence: 10
  m_StereoSeparation: 0.022
--- !u!81 &5925199812091313706
AudioListener:
  m_ObjectHideFlags: 0
  m_CorrespondingSourceObject: {fileID: 0}
  m_PrefabInstance: {fileID: 0}
  m_PrefabAsset: {fileID: 0}
  m_GameObject: {fileID: 5925199812091313709}
  m_Enabled: 1
--- !u!114 &5925199812091313707
MonoBehaviour:
  m_ObjectHideFlags: 0
  m_CorrespondingSourceObject: {fileID: 0}
  m_PrefabInstance: {fileID: 0}
  m_PrefabAsset: {fileID: 0}
  m_GameObject: {fileID: 5925199812091313709}
  m_Enabled: 1
  m_EditorHideFlags: 0
  m_Script: {fileID: 11500000, guid: c2fadf230d1919748a9aa21d40f74619, type: 3}
  m_Name: 
  m_EditorClassIdentifier: 
  m_TrackingType: 0
  m_UpdateType: 0
  m_IgnoreTrackingState: 0
  m_PositionInput:
    m_UseReference: 0
    m_Action:
      m_Name: Position
      m_Type: 0
      m_ExpectedControlType: Vector3
      m_Id: d65319e1-c668-4a05-a6e4-4d36dbb8e3e6
      m_Processors: 
      m_Interactions: 
      m_SingletonActionBindings:
      - m_Name: 
        m_Id: e07a61f1-0a9a-40d9-a7df-61066d767d8b
        m_Path: <XRHMD>/centerEyePosition
        m_Interactions: 
        m_Processors: 
        m_Groups: 
        m_Action: Position
        m_Flags: 0
      - m_Name: 
        m_Id: 3fbab135-a2e4-4ff0-bb8d-b35dc164ed8e
        m_Path: <HandheldARInputDevice>/devicePosition
        m_Interactions: 
        m_Processors: 
        m_Groups: 
        m_Action: Position
        m_Flags: 0
      m_Flags: 0
    m_Reference: {fileID: 0}
  m_RotationInput:
    m_UseReference: 0
    m_Action:
      m_Name: Rotation
      m_Type: 0
      m_ExpectedControlType: Quaternion
      m_Id: 1760b249-b2d5-4558-9725-8fb26abe55f6
      m_Processors: 
      m_Interactions: 
      m_SingletonActionBindings:
      - m_Name: 
        m_Id: 1a2e0614-6204-4974-9963-1489c2e2b975
        m_Path: <XRHMD>/centerEyeRotation
        m_Interactions: 
        m_Processors: 
        m_Groups: 
        m_Action: Rotation
        m_Flags: 0
      - m_Name: 
        m_Id: 621e8028-fc9c-48eb-b487-cc9c9b49ad30
        m_Path: <HandheldARInputDevice>/deviceRotation
        m_Interactions: 
        m_Processors: 
        m_Groups: 
        m_Action: Rotation
        m_Flags: 0
      m_Flags: 0
    m_Reference: {fileID: 0}
  m_TrackingStateInput:
    m_UseReference: 0
    m_Action:
      m_Name: Tracking State
      m_Type: 0
      m_ExpectedControlType: Integer
      m_Id: 055a1e37-fe6f-4b02-a4bf-f681f596ab02
      m_Processors: 
      m_Interactions: 
      m_SingletonActionBindings: []
      m_Flags: 0
    m_Reference: {fileID: 0}
  m_PositionAction:
    m_Name: 
    m_Type: 0
    m_ExpectedControlType: 
    m_Id: 
    m_Processors: 
    m_Interactions: 
    m_SingletonActionBindings: []
    m_Flags: 0
  m_RotationAction:
    m_Name: 
    m_Type: 0
    m_ExpectedControlType: 
    m_Id: 
    m_Processors: 
    m_Interactions: 
    m_SingletonActionBindings: []
    m_Flags: 0
  m_HasMigratedActions: 1
--- !u!45 &5925199812091313704
Skybox:
  m_ObjectHideFlags: 0
  m_CorrespondingSourceObject: {fileID: 0}
  m_PrefabInstance: {fileID: 0}
  m_PrefabAsset: {fileID: 0}
  m_GameObject: {fileID: 5925199812091313709}
  m_Enabled: 0
  m_CustomSkybox: {fileID: 2100000, guid: 91fb39e3548d5b846a43e0fa244ca0c7, type: 2}
--- !u!114 &426198355
MonoBehaviour:
  m_ObjectHideFlags: 0
  m_CorrespondingSourceObject: {fileID: 0}
  m_PrefabInstance: {fileID: 0}
  m_PrefabAsset: {fileID: 0}
  m_GameObject: {fileID: 5925199812091313709}
  m_Enabled: 0
  m_EditorHideFlags: 0
  m_Script: {fileID: 11500000, guid: 06c4df13cb866c94d9a8d79302f1222f, type: 3}
  m_Name: 
  m_EditorClassIdentifier: 
  sensitivity: 100
  player: {fileID: 5925199812033723478}
--- !u!1 &5925199812210403784
GameObject:
  m_ObjectHideFlags: 0
  m_CorrespondingSourceObject: {fileID: 0}
  m_PrefabInstance: {fileID: 0}
  m_PrefabAsset: {fileID: 0}
  serializedVersion: 6
  m_Component:
  - component: {fileID: 5925199812210403783}
  - component: {fileID: 5925199812210403778}
  - component: {fileID: 5925199812210403779}
  - component: {fileID: 5925199812210403780}
  - component: {fileID: 5925199812210403781}
  - component: {fileID: 5925199812210403782}
  m_Layer: 0
  m_Name: LeftHand Controller
  m_TagString: Untagged
  m_Icon: {fileID: 0}
  m_NavMeshLayer: 0
  m_StaticEditorFlags: 0
  m_IsActive: 0
--- !u!4 &5925199812210403783
Transform:
  m_ObjectHideFlags: 0
  m_CorrespondingSourceObject: {fileID: 0}
  m_PrefabInstance: {fileID: 0}
  m_PrefabAsset: {fileID: 0}
  m_GameObject: {fileID: 5925199812210403784}
  m_LocalRotation: {x: 0, y: 0, z: 0, w: 1}
  m_LocalPosition: {x: 0, y: 0, z: 0}
  m_LocalScale: {x: 1, y: 1, z: 1}
  m_ConstrainProportionsScale: 0
  m_Children: []
  m_Father: {fileID: 5925199813633495264}
  m_RootOrder: 1
  m_LocalEulerAnglesHint: {x: 0, y: 0, z: 0}
--- !u!114 &5925199812210403778
MonoBehaviour:
  m_ObjectHideFlags: 0
  m_CorrespondingSourceObject: {fileID: 0}
  m_PrefabInstance: {fileID: 0}
  m_PrefabAsset: {fileID: 0}
  m_GameObject: {fileID: 5925199812210403784}
  m_Enabled: 1
  m_EditorHideFlags: 0
  m_Script: {fileID: 11500000, guid: caff514de9b15ad48ab85dcff5508221, type: 3}
  m_Name: 
  m_EditorClassIdentifier: 
  m_UpdateTrackingType: 0
  m_EnableInputTracking: 1
  m_EnableInputActions: 1
  m_ModelPrefab: {fileID: 0}
  m_ModelParent: {fileID: 0}
  m_Model: {fileID: 0}
  m_AnimateModel: 0
  m_ModelSelectTransition: 
  m_ModelDeSelectTransition: 
  m_PositionAction:
    m_UseReference: 0
    m_Action:
      m_Name: Position
      m_Type: 0
      m_ExpectedControlType: 
      m_Id: 8995b338-f487-4bf5-8229-9d5512d467f5
      m_Processors: 
      m_Interactions: 
      m_SingletonActionBindings: []
      m_Flags: 0
    m_Reference: {fileID: 0}
  m_RotationAction:
    m_UseReference: 0
    m_Action:
      m_Name: Rotation
      m_Type: 0
      m_ExpectedControlType: 
      m_Id: a540b12d-3779-4ee3-a97b-2850f3d84196
      m_Processors: 
      m_Interactions: 
      m_SingletonActionBindings: []
      m_Flags: 0
    m_Reference: {fileID: 0}
  m_TrackingStateAction:
    m_UseReference: 0
    m_Action:
      m_Name: Tracking State
      m_Type: 0
      m_ExpectedControlType: 
      m_Id: 7f2177f3-d12e-40d2-b2e1-d38752d30f93
      m_Processors: 
      m_Interactions: 
      m_SingletonActionBindings: []
      m_Flags: 0
    m_Reference: {fileID: 0}
  m_SelectAction:
    m_UseReference: 0
    m_Action:
      m_Name: Select
      m_Type: 0
      m_ExpectedControlType: 
      m_Id: 2a4e823a-7eea-4243-9e10-d572915fbe80
      m_Processors: 
      m_Interactions: 
      m_SingletonActionBindings: []
      m_Flags: 0
    m_Reference: {fileID: 0}
  m_SelectActionValue:
    m_UseReference: 0
    m_Action:
      m_Name: Select Action Value
      m_Type: 0
      m_ExpectedControlType: 
      m_Id: a34d4227-9d6f-478a-a4d3-2cd9a420b6a5
      m_Processors: 
      m_Interactions: 
      m_SingletonActionBindings: []
      m_Flags: 0
    m_Reference: {fileID: 0}
  m_ActivateAction:
    m_UseReference: 0
    m_Action:
      m_Name: Activate
      m_Type: 0
      m_ExpectedControlType: 
      m_Id: 793bf889-82df-4022-be9e-ef3a966813e6
      m_Processors: 
      m_Interactions: 
      m_SingletonActionBindings: []
      m_Flags: 0
    m_Reference: {fileID: 0}
  m_ActivateActionValue:
    m_UseReference: 0
    m_Action:
      m_Name: Activate Action Value
      m_Type: 0
      m_ExpectedControlType: 
      m_Id: e7a9670e-b5d1-421f-818a-21da6a386723
      m_Processors: 
      m_Interactions: 
      m_SingletonActionBindings: []
      m_Flags: 0
    m_Reference: {fileID: 0}
  m_UIPressAction:
    m_UseReference: 0
    m_Action:
      m_Name: UI Press
      m_Type: 0
      m_ExpectedControlType: 
      m_Id: e020bc04-1a53-4699-957d-7a72591aaef1
      m_Processors: 
      m_Interactions: 
      m_SingletonActionBindings: []
      m_Flags: 0
    m_Reference: {fileID: 0}
  m_UIPressActionValue:
    m_UseReference: 0
    m_Action:
      m_Name: UI Press Action Value
      m_Type: 0
      m_ExpectedControlType: 
      m_Id: c8b269c9-14bc-460b-bbf2-6ec7049c5975
      m_Processors: 
      m_Interactions: 
      m_SingletonActionBindings: []
      m_Flags: 0
    m_Reference: {fileID: 0}
  m_HapticDeviceAction:
    m_UseReference: 0
    m_Action:
      m_Name: Haptic Device
      m_Type: 0
      m_ExpectedControlType: 
      m_Id: cb7ce7ed-7d48-4c99-82a4-069484b39884
      m_Processors: 
      m_Interactions: 
      m_SingletonActionBindings: []
      m_Flags: 0
    m_Reference: {fileID: 0}
  m_RotateAnchorAction:
    m_UseReference: 0
    m_Action:
      m_Name: Rotate Anchor
      m_Type: 0
      m_ExpectedControlType: 
      m_Id: ca391398-ac5c-4952-adb3-18b17c434439
      m_Processors: 
      m_Interactions: 
      m_SingletonActionBindings: []
      m_Flags: 0
    m_Reference: {fileID: 0}
  m_DirectionalAnchorRotationAction:
    m_UseReference: 0
    m_Action:
      m_Name: Directional Anchor Rotation
      m_Type: 0
      m_ExpectedControlType: 
      m_Id: e9d90002-3647-46c4-93ae-dd14b579a3da
      m_Processors: 
      m_Interactions: 
      m_SingletonActionBindings: []
      m_Flags: 0
    m_Reference: {fileID: 0}
  m_TranslateAnchorAction:
    m_UseReference: 0
    m_Action:
      m_Name: Translate Anchor
      m_Type: 0
      m_ExpectedControlType: 
      m_Id: d5fc4b68-2c06-4b90-82ea-29d5116b7209
      m_Processors: 
      m_Interactions: 
      m_SingletonActionBindings: []
      m_Flags: 0
    m_Reference: {fileID: 0}
  m_ButtonPressPoint: 0.5
--- !u!114 &5925199812210403779
MonoBehaviour:
  m_ObjectHideFlags: 0
  m_CorrespondingSourceObject: {fileID: 0}
  m_PrefabInstance: {fileID: 0}
  m_PrefabAsset: {fileID: 0}
  m_GameObject: {fileID: 5925199812210403784}
  m_Enabled: 1
  m_EditorHideFlags: 0
  m_Script: {fileID: 11500000, guid: 6803edce0201f574f923fd9d10e5b30a, type: 3}
  m_Name: 
  m_EditorClassIdentifier: 
  m_InteractionManager: {fileID: 0}
  m_InteractionLayerMask:
    serializedVersion: 2
    m_Bits: 4294967295
  m_InteractionLayers:
    m_Bits: 4294967295
  m_AttachTransform: {fileID: 0}
  m_KeepSelectedTargetValid: 1
  m_StartingSelectedInteractable: {fileID: 0}
  m_StartingTargetFilter: {fileID: 0}
  m_HoverEntered:
    m_PersistentCalls:
      m_Calls: []
  m_HoverExited:
    m_PersistentCalls:
      m_Calls: []
  m_SelectEntered:
    m_PersistentCalls:
      m_Calls: []
  m_SelectExited:
    m_PersistentCalls:
      m_Calls: []
  m_StartingHoverFilters: []
  m_StartingSelectFilters: []
  m_OnHoverEntered:
    m_PersistentCalls:
      m_Calls: []
  m_OnHoverExited:
    m_PersistentCalls:
      m_Calls: []
  m_OnSelectEntered:
    m_PersistentCalls:
      m_Calls: []
  m_OnSelectExited:
    m_PersistentCalls:
      m_Calls: []
  m_SelectActionTrigger: 0
  m_HideControllerOnSelect: 0
  m_AllowHoveredActivate: 0
  m_TargetPriorityMode: 0
  m_PlayAudioClipOnSelectEntered: 0
  m_AudioClipForOnSelectEntered: {fileID: 0}
  m_PlayAudioClipOnSelectExited: 0
  m_AudioClipForOnSelectExited: {fileID: 0}
  m_PlayAudioClipOnSelectCanceled: 0
  m_AudioClipForOnSelectCanceled: {fileID: 0}
  m_PlayAudioClipOnHoverEntered: 0
  m_AudioClipForOnHoverEntered: {fileID: 0}
  m_PlayAudioClipOnHoverExited: 0
  m_AudioClipForOnHoverExited: {fileID: 0}
  m_PlayAudioClipOnHoverCanceled: 0
  m_AudioClipForOnHoverCanceled: {fileID: 0}
  m_AllowHoverAudioWhileSelecting: 1
  m_PlayHapticsOnSelectEntered: 0
  m_HapticSelectEnterIntensity: 0
  m_HapticSelectEnterDuration: 0
  m_PlayHapticsOnSelectExited: 0
  m_HapticSelectExitIntensity: 0
  m_HapticSelectExitDuration: 0
  m_PlayHapticsOnSelectCanceled: 0
  m_HapticSelectCancelIntensity: 0
  m_HapticSelectCancelDuration: 0
  m_PlayHapticsOnHoverEntered: 0
  m_HapticHoverEnterIntensity: 0
  m_HapticHoverEnterDuration: 0
  m_PlayHapticsOnHoverExited: 0
  m_HapticHoverExitIntensity: 0
  m_HapticHoverExitDuration: 0
  m_PlayHapticsOnHoverCanceled: 0
  m_HapticHoverCancelIntensity: 0
  m_HapticHoverCancelDuration: 0
  m_AllowHoverHapticsWhileSelecting: 1
  m_LineType: 0
  m_BlendVisualLinePoints: 1
  m_MaxRaycastDistance: 30
  m_RayOriginTransform: {fileID: 0}
  m_ReferenceFrame: {fileID: 0}
  m_Velocity: 16
  m_Acceleration: 9.8
  m_AdditionalGroundHeight: 0.1
  m_AdditionalFlightTime: 0.5
  m_EndPointDistance: 30
  m_EndPointHeight: -10
  m_ControlPointDistance: 10
  m_ControlPointHeight: 5
  m_SampleFrequency: 20
  m_HitDetectionType: 0
  m_SphereCastRadius: 0.1
  m_RaycastMask:
    serializedVersion: 2
    m_Bits: 4294967295
  m_RaycastTriggerInteraction: 1
  m_HitClosestOnly: 0
  m_HoverToSelect: 0
  m_HoverTimeToSelect: 0.5
  m_EnableUIInteraction: 1
  m_AllowAnchorControl: 1
  m_UseForceGrab: 1
  m_RotateSpeed: 180
  m_TranslateSpeed: 1
  m_AnchorRotateReferenceFrame: {fileID: 0}
  m_AnchorRotationMode: 0
--- !u!120 &5925199812210403780
LineRenderer:
  m_ObjectHideFlags: 0
  m_CorrespondingSourceObject: {fileID: 0}
  m_PrefabInstance: {fileID: 0}
  m_PrefabAsset: {fileID: 0}
  m_GameObject: {fileID: 5925199812210403784}
  m_Enabled: 1
  m_CastShadows: 0
  m_ReceiveShadows: 0
  m_DynamicOccludee: 1
  m_StaticShadowCaster: 0
  m_MotionVectors: 0
  m_LightProbeUsage: 0
  m_ReflectionProbeUsage: 0
  m_RayTracingMode: 0
  m_RayTraceProcedural: 0
  m_RenderingLayerMask: 1
  m_RendererPriority: 0
  m_Materials:
  - {fileID: 10306, guid: 0000000000000000f000000000000000, type: 0}
  m_StaticBatchInfo:
    firstSubMesh: 0
    subMeshCount: 0
  m_StaticBatchRoot: {fileID: 0}
  m_ProbeAnchor: {fileID: 0}
  m_LightProbeVolumeOverride: {fileID: 0}
  m_ScaleInLightmap: 1
  m_ReceiveGI: 1
  m_PreserveUVs: 0
  m_IgnoreNormalsForChartDetection: 0
  m_ImportantGI: 0
  m_StitchLightmapSeams: 1
  m_SelectedEditorRenderState: 3
  m_MinimumChartSize: 4
  m_AutoUVMaxDistance: 0.5
  m_AutoUVMaxAngle: 89
  m_LightmapParameters: {fileID: 0}
  m_SortingLayerID: 0
  m_SortingLayer: 0
  m_SortingOrder: 0
  m_Positions:
  - {x: 0, y: 0, z: 0}
  - {x: 0, y: 0, z: 1}
  m_Parameters:
    serializedVersion: 3
    widthMultiplier: 0.005
    widthCurve:
      serializedVersion: 2
      m_Curve:
      - serializedVersion: 3
        time: 0
        value: 1
        inSlope: 0
        outSlope: 0
        tangentMode: 0
        weightedMode: 0
        inWeight: 0.33333334
        outWeight: 0.33333334
      m_PreInfinity: 2
      m_PostInfinity: 2
      m_RotationOrder: 4
    colorGradient:
      serializedVersion: 2
      key0: {r: 1, g: 1, b: 1, a: 1}
      key1: {r: 1, g: 1, b: 1, a: 1}
      key2: {r: 0, g: 0, b: 0, a: 0}
      key3: {r: 0, g: 0, b: 0, a: 0}
      key4: {r: 0, g: 0, b: 0, a: 0}
      key5: {r: 0, g: 0, b: 0, a: 0}
      key6: {r: 0, g: 0, b: 0, a: 0}
      key7: {r: 0, g: 0, b: 0, a: 0}
      ctime0: 0
      ctime1: 65535
      ctime2: 0
      ctime3: 0
      ctime4: 0
      ctime5: 0
      ctime6: 0
      ctime7: 0
      atime0: 0
      atime1: 65535
      atime2: 0
      atime3: 0
      atime4: 0
      atime5: 0
      atime6: 0
      atime7: 0
      m_Mode: 0
      m_NumColorKeys: 2
      m_NumAlphaKeys: 2
    numCornerVertices: 4
    numCapVertices: 4
    alignment: 0
    textureMode: 0
    shadowBias: 0.5
    generateLightingData: 0
  m_UseWorldSpace: 1
  m_Loop: 0
--- !u!114 &5925199812210403781
MonoBehaviour:
  m_ObjectHideFlags: 0
  m_CorrespondingSourceObject: {fileID: 0}
  m_PrefabInstance: {fileID: 0}
  m_PrefabAsset: {fileID: 0}
  m_GameObject: {fileID: 5925199812210403784}
  m_Enabled: 1
  m_EditorHideFlags: 0
  m_Script: {fileID: 11500000, guid: e988983f96fe1dd48800bcdfc82f23e9, type: 3}
  m_Name: 
  m_EditorClassIdentifier: 
  m_LineWidth: 0.02
  m_OverrideInteractorLineLength: 1
  m_LineLength: 10
  m_WidthCurve:
    serializedVersion: 2
    m_Curve:
    - serializedVersion: 3
      time: 0
      value: 1
      inSlope: 0
      outSlope: 0
      tangentMode: 0
      weightedMode: 0
      inWeight: 0
      outWeight: 0
    - serializedVersion: 3
      time: 1
      value: 1
      inSlope: 0
      outSlope: 0
      tangentMode: 0
      weightedMode: 0
      inWeight: 0
      outWeight: 0
    m_PreInfinity: 2
    m_PostInfinity: 2
    m_RotationOrder: 4
  m_ValidColorGradient:
    serializedVersion: 2
    key0: {r: 1, g: 1, b: 1, a: 1}
    key1: {r: 1, g: 1, b: 1, a: 1}
    key2: {r: 0, g: 0, b: 0, a: 0}
    key3: {r: 0, g: 0, b: 0, a: 0}
    key4: {r: 0, g: 0, b: 0, a: 0}
    key5: {r: 0, g: 0, b: 0, a: 0}
    key6: {r: 0, g: 0, b: 0, a: 0}
    key7: {r: 0, g: 0, b: 0, a: 0}
    ctime0: 0
    ctime1: 65535
    ctime2: 0
    ctime3: 0
    ctime4: 0
    ctime5: 0
    ctime6: 0
    ctime7: 0
    atime0: 0
    atime1: 65535
    atime2: 0
    atime3: 0
    atime4: 0
    atime5: 0
    atime6: 0
    atime7: 0
    m_Mode: 0
    m_NumColorKeys: 2
    m_NumAlphaKeys: 2
  m_InvalidColorGradient:
    serializedVersion: 2
    key0: {r: 1, g: 0, b: 0, a: 1}
    key1: {r: 1, g: 0, b: 0, a: 1}
    key2: {r: 0, g: 0, b: 0, a: 0}
    key3: {r: 0, g: 0, b: 0, a: 0}
    key4: {r: 0, g: 0, b: 0, a: 0}
    key5: {r: 0, g: 0, b: 0, a: 0}
    key6: {r: 0, g: 0, b: 0, a: 0}
    key7: {r: 0, g: 0, b: 0, a: 0}
    ctime0: 0
    ctime1: 65535
    ctime2: 0
    ctime3: 0
    ctime4: 0
    ctime5: 0
    ctime6: 0
    ctime7: 0
    atime0: 0
    atime1: 65535
    atime2: 0
    atime3: 0
    atime4: 0
    atime5: 0
    atime6: 0
    atime7: 0
    m_Mode: 0
    m_NumColorKeys: 2
    m_NumAlphaKeys: 2
  m_BlockedColorGradient:
    serializedVersion: 2
    key0: {r: 1, g: 0.92156863, b: 0.015686275, a: 1}
    key1: {r: 1, g: 0.92156863, b: 0.015686275, a: 1}
    key2: {r: 0, g: 0, b: 0, a: 0}
    key3: {r: 0, g: 0, b: 0, a: 0}
    key4: {r: 0, g: 0, b: 0, a: 0}
    key5: {r: 0, g: 0, b: 0, a: 0}
    key6: {r: 0, g: 0, b: 0, a: 0}
    key7: {r: 0, g: 0, b: 0, a: 0}
    ctime0: 0
    ctime1: 65535
    ctime2: 0
    ctime3: 0
    ctime4: 0
    ctime5: 0
    ctime6: 0
    ctime7: 0
    atime0: 0
    atime1: 65535
    atime2: 0
    atime3: 0
    atime4: 0
    atime5: 0
    atime6: 0
    atime7: 0
    m_Mode: 0
    m_NumColorKeys: 2
    m_NumAlphaKeys: 2
  m_TreatSelectionAsValidState: 0
  m_SmoothMovement: 0
  m_FollowTightness: 10
  m_SnapThresholdDistance: 10
  m_Reticle: {fileID: 0}
  m_BlockedReticle: {fileID: 0}
  m_StopLineAtFirstRaycastHit: 1
  m_StopLineAtSelection: 0
--- !u!210 &5925199812210403782
SortingGroup:
  m_ObjectHideFlags: 0
  m_CorrespondingSourceObject: {fileID: 0}
  m_PrefabInstance: {fileID: 0}
  m_PrefabAsset: {fileID: 0}
  m_GameObject: {fileID: 5925199812210403784}
  m_Enabled: 1
  m_SortingLayerID: 0
  m_SortingLayer: 0
  m_SortingOrder: 5
--- !u!1 &5925199812945274424
GameObject:
  m_ObjectHideFlags: 0
  m_CorrespondingSourceObject: {fileID: 0}
  m_PrefabInstance: {fileID: 0}
  m_PrefabAsset: {fileID: 0}
  serializedVersion: 6
  m_Component:
  - component: {fileID: 5925199812945274423}
  - component: {fileID: 5925199812945274418}
  - component: {fileID: 5925199812945274419}
  - component: {fileID: 5925199812945274420}
  - component: {fileID: 5925199812945274421}
  - component: {fileID: 5925199812945274422}
  m_Layer: 0
  m_Name: RightHand Controller
  m_TagString: Untagged
  m_Icon: {fileID: 0}
  m_NavMeshLayer: 0
  m_StaticEditorFlags: 0
  m_IsActive: 0
--- !u!4 &5925199812945274423
Transform:
  m_ObjectHideFlags: 0
  m_CorrespondingSourceObject: {fileID: 0}
  m_PrefabInstance: {fileID: 0}
  m_PrefabAsset: {fileID: 0}
  m_GameObject: {fileID: 5925199812945274424}
  m_LocalRotation: {x: 0, y: 0, z: 0, w: 1}
  m_LocalPosition: {x: 0, y: 0, z: 0}
  m_LocalScale: {x: 1, y: 1, z: 1}
  m_ConstrainProportionsScale: 0
  m_Children: []
  m_Father: {fileID: 5925199813633495264}
  m_RootOrder: 2
  m_LocalEulerAnglesHint: {x: 0, y: 0, z: 0}
--- !u!114 &5925199812945274418
MonoBehaviour:
  m_ObjectHideFlags: 0
  m_CorrespondingSourceObject: {fileID: 0}
  m_PrefabInstance: {fileID: 0}
  m_PrefabAsset: {fileID: 0}
  m_GameObject: {fileID: 5925199812945274424}
  m_Enabled: 1
  m_EditorHideFlags: 0
  m_Script: {fileID: 11500000, guid: caff514de9b15ad48ab85dcff5508221, type: 3}
  m_Name: 
  m_EditorClassIdentifier: 
  m_UpdateTrackingType: 0
  m_EnableInputTracking: 1
  m_EnableInputActions: 1
  m_ModelPrefab: {fileID: 0}
  m_ModelParent: {fileID: 0}
  m_Model: {fileID: 0}
  m_AnimateModel: 0
  m_ModelSelectTransition: 
  m_ModelDeSelectTransition: 
  m_PositionAction:
    m_UseReference: 0
    m_Action:
      m_Name: Position
      m_Type: 0
      m_ExpectedControlType: 
      m_Id: 8995b338-f487-4bf5-8229-9d5512d467f5
      m_Processors: 
      m_Interactions: 
      m_SingletonActionBindings: []
      m_Flags: 0
    m_Reference: {fileID: 0}
  m_RotationAction:
    m_UseReference: 0
    m_Action:
      m_Name: Rotation
      m_Type: 0
      m_ExpectedControlType: 
      m_Id: a540b12d-3779-4ee3-a97b-2850f3d84196
      m_Processors: 
      m_Interactions: 
      m_SingletonActionBindings: []
      m_Flags: 0
    m_Reference: {fileID: 0}
  m_TrackingStateAction:
    m_UseReference: 0
    m_Action:
      m_Name: Tracking State
      m_Type: 0
      m_ExpectedControlType: 
      m_Id: 7f2177f3-d12e-40d2-b2e1-d38752d30f93
      m_Processors: 
      m_Interactions: 
      m_SingletonActionBindings: []
      m_Flags: 0
    m_Reference: {fileID: 0}
  m_SelectAction:
    m_UseReference: 0
    m_Action:
      m_Name: Select
      m_Type: 0
      m_ExpectedControlType: 
      m_Id: 2a4e823a-7eea-4243-9e10-d572915fbe80
      m_Processors: 
      m_Interactions: 
      m_SingletonActionBindings: []
      m_Flags: 0
    m_Reference: {fileID: 0}
  m_SelectActionValue:
    m_UseReference: 0
    m_Action:
      m_Name: Select Action Value
      m_Type: 0
      m_ExpectedControlType: 
      m_Id: a34d4227-9d6f-478a-a4d3-2cd9a420b6a5
      m_Processors: 
      m_Interactions: 
      m_SingletonActionBindings: []
      m_Flags: 0
    m_Reference: {fileID: 0}
  m_ActivateAction:
    m_UseReference: 0
    m_Action:
      m_Name: Activate
      m_Type: 0
      m_ExpectedControlType: 
      m_Id: 793bf889-82df-4022-be9e-ef3a966813e6
      m_Processors: 
      m_Interactions: 
      m_SingletonActionBindings: []
      m_Flags: 0
    m_Reference: {fileID: 0}
  m_ActivateActionValue:
    m_UseReference: 0
    m_Action:
      m_Name: Activate Action Value
      m_Type: 0
      m_ExpectedControlType: 
      m_Id: e7a9670e-b5d1-421f-818a-21da6a386723
      m_Processors: 
      m_Interactions: 
      m_SingletonActionBindings: []
      m_Flags: 0
    m_Reference: {fileID: 0}
  m_UIPressAction:
    m_UseReference: 0
    m_Action:
      m_Name: UI Press
      m_Type: 0
      m_ExpectedControlType: 
      m_Id: e020bc04-1a53-4699-957d-7a72591aaef1
      m_Processors: 
      m_Interactions: 
      m_SingletonActionBindings: []
      m_Flags: 0
    m_Reference: {fileID: 0}
  m_UIPressActionValue:
    m_UseReference: 0
    m_Action:
      m_Name: UI Press Action Value
      m_Type: 0
      m_ExpectedControlType: 
      m_Id: c8b269c9-14bc-460b-bbf2-6ec7049c5975
      m_Processors: 
      m_Interactions: 
      m_SingletonActionBindings: []
      m_Flags: 0
    m_Reference: {fileID: 0}
  m_HapticDeviceAction:
    m_UseReference: 0
    m_Action:
      m_Name: Haptic Device
      m_Type: 0
      m_ExpectedControlType: 
      m_Id: cb7ce7ed-7d48-4c99-82a4-069484b39884
      m_Processors: 
      m_Interactions: 
      m_SingletonActionBindings: []
      m_Flags: 0
    m_Reference: {fileID: 0}
  m_RotateAnchorAction:
    m_UseReference: 0
    m_Action:
      m_Name: Rotate Anchor
      m_Type: 0
      m_ExpectedControlType: 
      m_Id: ca391398-ac5c-4952-adb3-18b17c434439
      m_Processors: 
      m_Interactions: 
      m_SingletonActionBindings: []
      m_Flags: 0
    m_Reference: {fileID: 0}
  m_DirectionalAnchorRotationAction:
    m_UseReference: 0
    m_Action:
      m_Name: Directional Anchor Rotation
      m_Type: 0
      m_ExpectedControlType: 
      m_Id: e9d90002-3647-46c4-93ae-dd14b579a3da
      m_Processors: 
      m_Interactions: 
      m_SingletonActionBindings: []
      m_Flags: 0
    m_Reference: {fileID: 0}
  m_TranslateAnchorAction:
    m_UseReference: 0
    m_Action:
      m_Name: Translate Anchor
      m_Type: 0
      m_ExpectedControlType: 
      m_Id: d5fc4b68-2c06-4b90-82ea-29d5116b7209
      m_Processors: 
      m_Interactions: 
      m_SingletonActionBindings: []
      m_Flags: 0
    m_Reference: {fileID: 0}
  m_ButtonPressPoint: 0.5
--- !u!114 &5925199812945274419
MonoBehaviour:
  m_ObjectHideFlags: 0
  m_CorrespondingSourceObject: {fileID: 0}
  m_PrefabInstance: {fileID: 0}
  m_PrefabAsset: {fileID: 0}
  m_GameObject: {fileID: 5925199812945274424}
  m_Enabled: 1
  m_EditorHideFlags: 0
  m_Script: {fileID: 11500000, guid: 6803edce0201f574f923fd9d10e5b30a, type: 3}
  m_Name: 
  m_EditorClassIdentifier: 
  m_InteractionManager: {fileID: 0}
  m_InteractionLayerMask:
    serializedVersion: 2
    m_Bits: 4294967295
  m_InteractionLayers:
    m_Bits: 4294967295
  m_AttachTransform: {fileID: 0}
  m_KeepSelectedTargetValid: 1
  m_StartingSelectedInteractable: {fileID: 0}
  m_StartingTargetFilter: {fileID: 0}
  m_HoverEntered:
    m_PersistentCalls:
      m_Calls: []
  m_HoverExited:
    m_PersistentCalls:
      m_Calls: []
  m_SelectEntered:
    m_PersistentCalls:
      m_Calls: []
  m_SelectExited:
    m_PersistentCalls:
      m_Calls: []
  m_StartingHoverFilters: []
  m_StartingSelectFilters: []
  m_OnHoverEntered:
    m_PersistentCalls:
      m_Calls: []
  m_OnHoverExited:
    m_PersistentCalls:
      m_Calls: []
  m_OnSelectEntered:
    m_PersistentCalls:
      m_Calls: []
  m_OnSelectExited:
    m_PersistentCalls:
      m_Calls: []
  m_SelectActionTrigger: 0
  m_HideControllerOnSelect: 0
  m_AllowHoveredActivate: 0
  m_TargetPriorityMode: 0
  m_PlayAudioClipOnSelectEntered: 0
  m_AudioClipForOnSelectEntered: {fileID: 0}
  m_PlayAudioClipOnSelectExited: 0
  m_AudioClipForOnSelectExited: {fileID: 0}
  m_PlayAudioClipOnSelectCanceled: 0
  m_AudioClipForOnSelectCanceled: {fileID: 0}
  m_PlayAudioClipOnHoverEntered: 0
  m_AudioClipForOnHoverEntered: {fileID: 0}
  m_PlayAudioClipOnHoverExited: 0
  m_AudioClipForOnHoverExited: {fileID: 0}
  m_PlayAudioClipOnHoverCanceled: 0
  m_AudioClipForOnHoverCanceled: {fileID: 0}
  m_AllowHoverAudioWhileSelecting: 1
  m_PlayHapticsOnSelectEntered: 0
  m_HapticSelectEnterIntensity: 0
  m_HapticSelectEnterDuration: 0
  m_PlayHapticsOnSelectExited: 0
  m_HapticSelectExitIntensity: 0
  m_HapticSelectExitDuration: 0
  m_PlayHapticsOnSelectCanceled: 0
  m_HapticSelectCancelIntensity: 0
  m_HapticSelectCancelDuration: 0
  m_PlayHapticsOnHoverEntered: 0
  m_HapticHoverEnterIntensity: 0
  m_HapticHoverEnterDuration: 0
  m_PlayHapticsOnHoverExited: 0
  m_HapticHoverExitIntensity: 0
  m_HapticHoverExitDuration: 0
  m_PlayHapticsOnHoverCanceled: 0
  m_HapticHoverCancelIntensity: 0
  m_HapticHoverCancelDuration: 0
  m_AllowHoverHapticsWhileSelecting: 1
  m_LineType: 0
  m_BlendVisualLinePoints: 1
  m_MaxRaycastDistance: 30
  m_RayOriginTransform: {fileID: 0}
  m_ReferenceFrame: {fileID: 0}
  m_Velocity: 16
  m_Acceleration: 9.8
  m_AdditionalGroundHeight: 0.1
  m_AdditionalFlightTime: 0.5
  m_EndPointDistance: 30
  m_EndPointHeight: -10
  m_ControlPointDistance: 10
  m_ControlPointHeight: 5
  m_SampleFrequency: 20
  m_HitDetectionType: 0
  m_SphereCastRadius: 0.1
  m_RaycastMask:
    serializedVersion: 2
    m_Bits: 4294967295
  m_RaycastTriggerInteraction: 1
  m_HitClosestOnly: 0
  m_HoverToSelect: 0
  m_HoverTimeToSelect: 0.5
  m_EnableUIInteraction: 1
  m_AllowAnchorControl: 1
  m_UseForceGrab: 1
  m_RotateSpeed: 180
  m_TranslateSpeed: 1
  m_AnchorRotateReferenceFrame: {fileID: 0}
  m_AnchorRotationMode: 0
--- !u!120 &5925199812945274420
LineRenderer:
  m_ObjectHideFlags: 0
  m_CorrespondingSourceObject: {fileID: 0}
  m_PrefabInstance: {fileID: 0}
  m_PrefabAsset: {fileID: 0}
  m_GameObject: {fileID: 5925199812945274424}
  m_Enabled: 1
  m_CastShadows: 0
  m_ReceiveShadows: 0
  m_DynamicOccludee: 1
  m_StaticShadowCaster: 0
  m_MotionVectors: 0
  m_LightProbeUsage: 0
  m_ReflectionProbeUsage: 0
  m_RayTracingMode: 0
  m_RayTraceProcedural: 0
  m_RenderingLayerMask: 1
  m_RendererPriority: 0
  m_Materials:
  - {fileID: 10306, guid: 0000000000000000f000000000000000, type: 0}
  m_StaticBatchInfo:
    firstSubMesh: 0
    subMeshCount: 0
  m_StaticBatchRoot: {fileID: 0}
  m_ProbeAnchor: {fileID: 0}
  m_LightProbeVolumeOverride: {fileID: 0}
  m_ScaleInLightmap: 1
  m_ReceiveGI: 1
  m_PreserveUVs: 0
  m_IgnoreNormalsForChartDetection: 0
  m_ImportantGI: 0
  m_StitchLightmapSeams: 1
  m_SelectedEditorRenderState: 3
  m_MinimumChartSize: 4
  m_AutoUVMaxDistance: 0.5
  m_AutoUVMaxAngle: 89
  m_LightmapParameters: {fileID: 0}
  m_SortingLayerID: 0
  m_SortingLayer: 0
  m_SortingOrder: 0
  m_Positions:
  - {x: 0, y: 0, z: 0}
  - {x: 0, y: 0, z: 1}
  m_Parameters:
    serializedVersion: 3
    widthMultiplier: 0.005
    widthCurve:
      serializedVersion: 2
      m_Curve:
      - serializedVersion: 3
        time: 0
        value: 1
        inSlope: 0
        outSlope: 0
        tangentMode: 0
        weightedMode: 0
        inWeight: 0.33333334
        outWeight: 0.33333334
      m_PreInfinity: 2
      m_PostInfinity: 2
      m_RotationOrder: 4
    colorGradient:
      serializedVersion: 2
      key0: {r: 1, g: 1, b: 1, a: 1}
      key1: {r: 1, g: 1, b: 1, a: 1}
      key2: {r: 0, g: 0, b: 0, a: 0}
      key3: {r: 0, g: 0, b: 0, a: 0}
      key4: {r: 0, g: 0, b: 0, a: 0}
      key5: {r: 0, g: 0, b: 0, a: 0}
      key6: {r: 0, g: 0, b: 0, a: 0}
      key7: {r: 0, g: 0, b: 0, a: 0}
      ctime0: 0
      ctime1: 65535
      ctime2: 0
      ctime3: 0
      ctime4: 0
      ctime5: 0
      ctime6: 0
      ctime7: 0
      atime0: 0
      atime1: 65535
      atime2: 0
      atime3: 0
      atime4: 0
      atime5: 0
      atime6: 0
      atime7: 0
      m_Mode: 0
      m_NumColorKeys: 2
      m_NumAlphaKeys: 2
    numCornerVertices: 4
    numCapVertices: 4
    alignment: 0
    textureMode: 0
    shadowBias: 0.5
    generateLightingData: 0
  m_UseWorldSpace: 1
  m_Loop: 0
--- !u!114 &5925199812945274421
MonoBehaviour:
  m_ObjectHideFlags: 0
  m_CorrespondingSourceObject: {fileID: 0}
  m_PrefabInstance: {fileID: 0}
  m_PrefabAsset: {fileID: 0}
  m_GameObject: {fileID: 5925199812945274424}
  m_Enabled: 1
  m_EditorHideFlags: 0
  m_Script: {fileID: 11500000, guid: e988983f96fe1dd48800bcdfc82f23e9, type: 3}
  m_Name: 
  m_EditorClassIdentifier: 
  m_LineWidth: 0.02
  m_OverrideInteractorLineLength: 1
  m_LineLength: 10
  m_WidthCurve:
    serializedVersion: 2
    m_Curve:
    - serializedVersion: 3
      time: 0
      value: 1
      inSlope: 0
      outSlope: 0
      tangentMode: 0
      weightedMode: 0
      inWeight: 0
      outWeight: 0
    - serializedVersion: 3
      time: 1
      value: 1
      inSlope: 0
      outSlope: 0
      tangentMode: 0
      weightedMode: 0
      inWeight: 0
      outWeight: 0
    m_PreInfinity: 2
    m_PostInfinity: 2
    m_RotationOrder: 4
  m_ValidColorGradient:
    serializedVersion: 2
    key0: {r: 1, g: 1, b: 1, a: 1}
    key1: {r: 1, g: 1, b: 1, a: 1}
    key2: {r: 0, g: 0, b: 0, a: 0}
    key3: {r: 0, g: 0, b: 0, a: 0}
    key4: {r: 0, g: 0, b: 0, a: 0}
    key5: {r: 0, g: 0, b: 0, a: 0}
    key6: {r: 0, g: 0, b: 0, a: 0}
    key7: {r: 0, g: 0, b: 0, a: 0}
    ctime0: 0
    ctime1: 65535
    ctime2: 0
    ctime3: 0
    ctime4: 0
    ctime5: 0
    ctime6: 0
    ctime7: 0
    atime0: 0
    atime1: 65535
    atime2: 0
    atime3: 0
    atime4: 0
    atime5: 0
    atime6: 0
    atime7: 0
    m_Mode: 0
    m_NumColorKeys: 2
    m_NumAlphaKeys: 2
  m_InvalidColorGradient:
    serializedVersion: 2
    key0: {r: 1, g: 0, b: 0, a: 1}
    key1: {r: 1, g: 0, b: 0, a: 1}
    key2: {r: 0, g: 0, b: 0, a: 0}
    key3: {r: 0, g: 0, b: 0, a: 0}
    key4: {r: 0, g: 0, b: 0, a: 0}
    key5: {r: 0, g: 0, b: 0, a: 0}
    key6: {r: 0, g: 0, b: 0, a: 0}
    key7: {r: 0, g: 0, b: 0, a: 0}
    ctime0: 0
    ctime1: 65535
    ctime2: 0
    ctime3: 0
    ctime4: 0
    ctime5: 0
    ctime6: 0
    ctime7: 0
    atime0: 0
    atime1: 65535
    atime2: 0
    atime3: 0
    atime4: 0
    atime5: 0
    atime6: 0
    atime7: 0
    m_Mode: 0
    m_NumColorKeys: 2
    m_NumAlphaKeys: 2
  m_BlockedColorGradient:
    serializedVersion: 2
    key0: {r: 1, g: 0.92156863, b: 0.015686275, a: 1}
    key1: {r: 1, g: 0.92156863, b: 0.015686275, a: 1}
    key2: {r: 0, g: 0, b: 0, a: 0}
    key3: {r: 0, g: 0, b: 0, a: 0}
    key4: {r: 0, g: 0, b: 0, a: 0}
    key5: {r: 0, g: 0, b: 0, a: 0}
    key6: {r: 0, g: 0, b: 0, a: 0}
    key7: {r: 0, g: 0, b: 0, a: 0}
    ctime0: 0
    ctime1: 65535
    ctime2: 0
    ctime3: 0
    ctime4: 0
    ctime5: 0
    ctime6: 0
    ctime7: 0
    atime0: 0
    atime1: 65535
    atime2: 0
    atime3: 0
    atime4: 0
    atime5: 0
    atime6: 0
    atime7: 0
    m_Mode: 0
    m_NumColorKeys: 2
    m_NumAlphaKeys: 2
  m_TreatSelectionAsValidState: 0
  m_SmoothMovement: 0
  m_FollowTightness: 10
  m_SnapThresholdDistance: 10
  m_Reticle: {fileID: 0}
  m_BlockedReticle: {fileID: 0}
  m_StopLineAtFirstRaycastHit: 1
  m_StopLineAtSelection: 0
--- !u!210 &5925199812945274422
SortingGroup:
  m_ObjectHideFlags: 0
  m_CorrespondingSourceObject: {fileID: 0}
  m_PrefabInstance: {fileID: 0}
  m_PrefabAsset: {fileID: 0}
  m_GameObject: {fileID: 5925199812945274424}
  m_Enabled: 1
  m_SortingLayerID: 0
  m_SortingLayer: 0
  m_SortingOrder: 5
--- !u!1 &5925199813633495265
GameObject:
  m_ObjectHideFlags: 0
  m_CorrespondingSourceObject: {fileID: 0}
  m_PrefabInstance: {fileID: 0}
  m_PrefabAsset: {fileID: 0}
  serializedVersion: 6
  m_Component:
  - component: {fileID: 5925199813633495264}
  m_Layer: 0
  m_Name: Camera Offset
  m_TagString: Untagged
  m_Icon: {fileID: 0}
  m_NavMeshLayer: 0
  m_StaticEditorFlags: 0
  m_IsActive: 1
--- !u!4 &5925199813633495264
Transform:
  m_ObjectHideFlags: 0
  m_CorrespondingSourceObject: {fileID: 0}
  m_PrefabInstance: {fileID: 0}
  m_PrefabAsset: {fileID: 0}
  m_GameObject: {fileID: 5925199813633495265}
  m_LocalRotation: {x: 0, y: 0, z: 0, w: 1}
  m_LocalPosition: {x: 0, y: 1.1176, z: 0}
  m_LocalScale: {x: 1, y: 1, z: 1}
  m_ConstrainProportionsScale: 0
  m_Children:
  - {fileID: 5925199812091313708}
  - {fileID: 5925199812210403783}
  - {fileID: 5925199812945274423}
  - {fileID: 6648333804374808995}
  m_Father: {fileID: 5925199812033723478}
  m_RootOrder: 0
  m_LocalEulerAnglesHint: {x: 0, y: 0, z: 0}
--- !u!1001 &4438179938800688626
PrefabInstance:
  m_ObjectHideFlags: 0
  serializedVersion: 2
  m_Modification:
    m_TransformParent: {fileID: 5925199812091313708}
    m_Modifications:
    - target: {fileID: 234345356283775395, guid: 875eb4404d387444f9a049fb20671ab1, type: 3}
      propertyPath: m_RootOrder
      value: 0
      objectReference: {fileID: 0}
    - target: {fileID: 234345356283775395, guid: 875eb4404d387444f9a049fb20671ab1, type: 3}
      propertyPath: m_LocalScale.x
      value: 0.05
      objectReference: {fileID: 0}
    - target: {fileID: 234345356283775395, guid: 875eb4404d387444f9a049fb20671ab1, type: 3}
      propertyPath: m_LocalScale.y
      value: 0.05
      objectReference: {fileID: 0}
    - target: {fileID: 234345356283775395, guid: 875eb4404d387444f9a049fb20671ab1, type: 3}
      propertyPath: m_LocalScale.z
      value: 0.05
      objectReference: {fileID: 0}
    - target: {fileID: 234345356283775395, guid: 875eb4404d387444f9a049fb20671ab1, type: 3}
      propertyPath: m_LocalPosition.x
      value: -0.18
      objectReference: {fileID: 0}
    - target: {fileID: 234345356283775395, guid: 875eb4404d387444f9a049fb20671ab1, type: 3}
      propertyPath: m_LocalPosition.y
      value: 0
      objectReference: {fileID: 0}
    - target: {fileID: 234345356283775395, guid: 875eb4404d387444f9a049fb20671ab1, type: 3}
      propertyPath: m_LocalPosition.z
      value: 3.48
      objectReference: {fileID: 0}
    - target: {fileID: 234345356283775395, guid: 875eb4404d387444f9a049fb20671ab1, type: 3}
      propertyPath: m_LocalRotation.w
      value: 1
      objectReference: {fileID: 0}
    - target: {fileID: 234345356283775395, guid: 875eb4404d387444f9a049fb20671ab1, type: 3}
      propertyPath: m_LocalRotation.x
      value: 0
      objectReference: {fileID: 0}
    - target: {fileID: 234345356283775395, guid: 875eb4404d387444f9a049fb20671ab1, type: 3}
      propertyPath: m_LocalRotation.y
      value: 0
      objectReference: {fileID: 0}
    - target: {fileID: 234345356283775395, guid: 875eb4404d387444f9a049fb20671ab1, type: 3}
      propertyPath: m_LocalRotation.z
      value: 0
      objectReference: {fileID: 0}
    - target: {fileID: 234345356283775395, guid: 875eb4404d387444f9a049fb20671ab1, type: 3}
      propertyPath: m_LocalEulerAnglesHint.x
      value: 0
      objectReference: {fileID: 0}
    - target: {fileID: 234345356283775395, guid: 875eb4404d387444f9a049fb20671ab1, type: 3}
      propertyPath: m_LocalEulerAnglesHint.y
      value: 0
      objectReference: {fileID: 0}
    - target: {fileID: 234345356283775395, guid: 875eb4404d387444f9a049fb20671ab1, type: 3}
      propertyPath: m_LocalEulerAnglesHint.z
      value: 0
      objectReference: {fileID: 0}
    - target: {fileID: 4239172653741631456, guid: 875eb4404d387444f9a049fb20671ab1, type: 3}
      propertyPath: m_Name
      value: Cursor_Validated
      objectReference: {fileID: 0}
    m_RemovedComponents: []
  m_SourcePrefab: {fileID: 100100000, guid: 875eb4404d387444f9a049fb20671ab1, type: 3}
--- !u!1 &523266595752720914 stripped
GameObject:
  m_CorrespondingSourceObject: {fileID: 4239172653741631456, guid: 875eb4404d387444f9a049fb20671ab1, type: 3}
  m_PrefabInstance: {fileID: 4438179938800688626}
  m_PrefabAsset: {fileID: 0}
--- !u!114 &947916794
MonoBehaviour:
  m_ObjectHideFlags: 0
  m_CorrespondingSourceObject: {fileID: 0}
  m_PrefabInstance: {fileID: 0}
  m_PrefabAsset: {fileID: 0}
  m_GameObject: {fileID: 523266595752720914}
  m_Enabled: 1
  m_EditorHideFlags: 0
  m_Script: {fileID: 11500000, guid: f7c47f751223efc489af11077c5119ae, type: 3}
  m_Name: 
  m_EditorClassIdentifier: 
  radius: 0.1
--- !u!4 &4528117636780020817 stripped
Transform:
  m_CorrespondingSourceObject: {fileID: 234345356283775395, guid: 875eb4404d387444f9a049fb20671ab1, type: 3}
  m_PrefabInstance: {fileID: 4438179938800688626}
  m_PrefabAsset: {fileID: 0}
--- !u!1001 &5925199811977916171
PrefabInstance:
  m_ObjectHideFlags: 0
  serializedVersion: 2
  m_Modification:
    m_TransformParent: {fileID: 5925199813633495264}
    m_Modifications:
    - target: {fileID: 1042910456661735080, guid: ba8de0e308e140240af6dc264cc3dc31, type: 3}
      propertyPath: m_RootOrder
      value: 3
      objectReference: {fileID: 0}
    - target: {fileID: 1042910456661735080, guid: ba8de0e308e140240af6dc264cc3dc31, type: 3}
      propertyPath: m_LocalPosition.x
      value: 0
      objectReference: {fileID: 0}
    - target: {fileID: 1042910456661735080, guid: ba8de0e308e140240af6dc264cc3dc31, type: 3}
      propertyPath: m_LocalPosition.y
      value: 0
      objectReference: {fileID: 0}
    - target: {fileID: 1042910456661735080, guid: ba8de0e308e140240af6dc264cc3dc31, type: 3}
      propertyPath: m_LocalPosition.z
      value: 0
      objectReference: {fileID: 0}
    - target: {fileID: 1042910456661735080, guid: ba8de0e308e140240af6dc264cc3dc31, type: 3}
      propertyPath: m_LocalRotation.w
      value: 1
      objectReference: {fileID: 0}
    - target: {fileID: 1042910456661735080, guid: ba8de0e308e140240af6dc264cc3dc31, type: 3}
      propertyPath: m_LocalRotation.x
      value: 0
      objectReference: {fileID: 0}
    - target: {fileID: 1042910456661735080, guid: ba8de0e308e140240af6dc264cc3dc31, type: 3}
      propertyPath: m_LocalRotation.y
      value: 0
      objectReference: {fileID: 0}
    - target: {fileID: 1042910456661735080, guid: ba8de0e308e140240af6dc264cc3dc31, type: 3}
      propertyPath: m_LocalRotation.z
      value: 0
      objectReference: {fileID: 0}
    - target: {fileID: 1042910456661735080, guid: ba8de0e308e140240af6dc264cc3dc31, type: 3}
      propertyPath: m_LocalEulerAnglesHint.x
      value: 0
      objectReference: {fileID: 0}
    - target: {fileID: 1042910456661735080, guid: ba8de0e308e140240af6dc264cc3dc31, type: 3}
      propertyPath: m_LocalEulerAnglesHint.y
      value: 0
      objectReference: {fileID: 0}
    - target: {fileID: 1042910456661735080, guid: ba8de0e308e140240af6dc264cc3dc31, type: 3}
      propertyPath: m_LocalEulerAnglesHint.z
      value: 0
      objectReference: {fileID: 0}
    - target: {fileID: 1042910456661735087, guid: ba8de0e308e140240af6dc264cc3dc31, type: 3}
      propertyPath: m_Name
      value: Fixer_ArgumentException
      objectReference: {fileID: 0}
    m_RemovedComponents: []
  m_SourcePrefab: {fileID: 100100000, guid: ba8de0e308e140240af6dc264cc3dc31, type: 3}
--- !u!4 &6648333804374808995 stripped
Transform:
  m_CorrespondingSourceObject: {fileID: 1042910456661735080, guid: ba8de0e308e140240af6dc264cc3dc31, type: 3}
  m_PrefabInstance: {fileID: 5925199811977916171}
  m_PrefabAsset: {fileID: 0}
--- !u!1001 &5925199812529931983
PrefabInstance:
  m_ObjectHideFlags: 0
  serializedVersion: 2
  m_Modification:
    m_TransformParent: {fileID: 5925199812091313708}
    m_Modifications:
    - target: {fileID: 1042910456661735080, guid: ba8de0e308e140240af6dc264cc3dc31, type: 3}
      propertyPath: m_RootOrder
      value: 1
      objectReference: {fileID: 0}
    - target: {fileID: 1042910456661735080, guid: ba8de0e308e140240af6dc264cc3dc31, type: 3}
      propertyPath: m_LocalPosition.x
      value: 0
      objectReference: {fileID: 0}
    - target: {fileID: 1042910456661735080, guid: ba8de0e308e140240af6dc264cc3dc31, type: 3}
      propertyPath: m_LocalPosition.y
      value: 0
      objectReference: {fileID: 0}
    - target: {fileID: 1042910456661735080, guid: ba8de0e308e140240af6dc264cc3dc31, type: 3}
      propertyPath: m_LocalPosition.z
      value: 0
      objectReference: {fileID: 0}
    - target: {fileID: 1042910456661735080, guid: ba8de0e308e140240af6dc264cc3dc31, type: 3}
      propertyPath: m_LocalRotation.w
      value: 1
      objectReference: {fileID: 0}
    - target: {fileID: 1042910456661735080, guid: ba8de0e308e140240af6dc264cc3dc31, type: 3}
      propertyPath: m_LocalRotation.x
      value: 0
      objectReference: {fileID: 0}
    - target: {fileID: 1042910456661735080, guid: ba8de0e308e140240af6dc264cc3dc31, type: 3}
      propertyPath: m_LocalRotation.y
      value: 0
      objectReference: {fileID: 0}
    - target: {fileID: 1042910456661735080, guid: ba8de0e308e140240af6dc264cc3dc31, type: 3}
      propertyPath: m_LocalRotation.z
      value: 0
      objectReference: {fileID: 0}
    - target: {fileID: 1042910456661735080, guid: ba8de0e308e140240af6dc264cc3dc31, type: 3}
      propertyPath: m_LocalEulerAnglesHint.x
      value: 0
      objectReference: {fileID: 0}
    - target: {fileID: 1042910456661735080, guid: ba8de0e308e140240af6dc264cc3dc31, type: 3}
      propertyPath: m_LocalEulerAnglesHint.y
      value: 0
      objectReference: {fileID: 0}
    - target: {fileID: 1042910456661735080, guid: ba8de0e308e140240af6dc264cc3dc31, type: 3}
      propertyPath: m_LocalEulerAnglesHint.z
      value: 0
      objectReference: {fileID: 0}
    - target: {fileID: 1042910456661735087, guid: ba8de0e308e140240af6dc264cc3dc31, type: 3}
      propertyPath: m_Name
      value: Fixer_ArgumentException
      objectReference: {fileID: 0}
    m_RemovedComponents: []
  m_SourcePrefab: {fileID: 100100000, guid: ba8de0e308e140240af6dc264cc3dc31, type: 3}
--- !u!4 &6648333803818463335 stripped
Transform:
  m_CorrespondingSourceObject: {fileID: 1042910456661735080, guid: ba8de0e308e140240af6dc264cc3dc31, type: 3}
  m_PrefabInstance: {fileID: 5925199812529931983}
  m_PrefabAsset: {fileID: 0}
--- !u!1001 &8616523178197542698
PrefabInstance:
  m_ObjectHideFlags: 0
  serializedVersion: 2
  m_Modification:
    m_TransformParent: {fileID: 5925199812091313708}
    m_Modifications:
    - target: {fileID: 2793279574801490416, guid: f5c36a35f0557224ba6a6d8e0f5211e9, type: 3}
      propertyPath: m_PlayOnAwake
      value: 1
      objectReference: {fileID: 0}
    - target: {fileID: 3284457150309485671, guid: f5c36a35f0557224ba6a6d8e0f5211e9, type: 3}
      propertyPath: m_Name
      value: Gaze_Interactor
      objectReference: {fileID: 0}
    - target: {fileID: 8307486791046497218, guid: f5c36a35f0557224ba6a6d8e0f5211e9, type: 3}
      propertyPath: m_RootOrder
      value: 2
      objectReference: {fileID: 0}
    - target: {fileID: 8307486791046497218, guid: f5c36a35f0557224ba6a6d8e0f5211e9, type: 3}
      propertyPath: m_LocalScale.x
      value: 0.05
      objectReference: {fileID: 0}
    - target: {fileID: 8307486791046497218, guid: f5c36a35f0557224ba6a6d8e0f5211e9, type: 3}
      propertyPath: m_LocalScale.y
      value: 0.05
      objectReference: {fileID: 0}
    - target: {fileID: 8307486791046497218, guid: f5c36a35f0557224ba6a6d8e0f5211e9, type: 3}
      propertyPath: m_LocalScale.z
      value: 0.05
      objectReference: {fileID: 0}
    - target: {fileID: 8307486791046497218, guid: f5c36a35f0557224ba6a6d8e0f5211e9, type: 3}
      propertyPath: m_LocalPosition.x
      value: -0.18
      objectReference: {fileID: 0}
    - target: {fileID: 8307486791046497218, guid: f5c36a35f0557224ba6a6d8e0f5211e9, type: 3}
      propertyPath: m_LocalPosition.y
      value: 0
      objectReference: {fileID: 0}
    - target: {fileID: 8307486791046497218, guid: f5c36a35f0557224ba6a6d8e0f5211e9, type: 3}
      propertyPath: m_LocalPosition.z
      value: 3.48
      objectReference: {fileID: 0}
    - target: {fileID: 8307486791046497218, guid: f5c36a35f0557224ba6a6d8e0f5211e9, type: 3}
      propertyPath: m_LocalRotation.w
      value: 1
      objectReference: {fileID: 0}
    - target: {fileID: 8307486791046497218, guid: f5c36a35f0557224ba6a6d8e0f5211e9, type: 3}
      propertyPath: m_LocalRotation.x
      value: -0
      objectReference: {fileID: 0}
    - target: {fileID: 8307486791046497218, guid: f5c36a35f0557224ba6a6d8e0f5211e9, type: 3}
      propertyPath: m_LocalRotation.y
      value: -0
      objectReference: {fileID: 0}
    - target: {fileID: 8307486791046497218, guid: f5c36a35f0557224ba6a6d8e0f5211e9, type: 3}
      propertyPath: m_LocalRotation.z
      value: -0
      objectReference: {fileID: 0}
    - target: {fileID: 8307486791046497218, guid: f5c36a35f0557224ba6a6d8e0f5211e9, type: 3}
      propertyPath: m_LocalEulerAnglesHint.x
      value: 0
      objectReference: {fileID: 0}
    - target: {fileID: 8307486791046497218, guid: f5c36a35f0557224ba6a6d8e0f5211e9, type: 3}
      propertyPath: m_LocalEulerAnglesHint.y
      value: 0
      objectReference: {fileID: 0}
    - target: {fileID: 8307486791046497218, guid: f5c36a35f0557224ba6a6d8e0f5211e9, type: 3}
      propertyPath: m_LocalEulerAnglesHint.z
      value: 0
      objectReference: {fileID: 0}
    m_RemovedComponents:
    - {fileID: 8327618596570780431, guid: f5c36a35f0557224ba6a6d8e0f5211e9, type: 3}
  m_SourcePrefab: {fileID: 100100000, guid: f5c36a35f0557224ba6a6d8e0f5211e9, type: 3}
--- !u!4 &350741001321702632 stripped
Transform:
  m_CorrespondingSourceObject: {fileID: 8307486791046497218, guid: f5c36a35f0557224ba6a6d8e0f5211e9, type: 3}
  m_PrefabInstance: {fileID: 8616523178197542698}
  m_PrefabAsset: {fileID: 0}
--- !u!1 &6485383909525826381 stripped
GameObject:
  m_CorrespondingSourceObject: {fileID: 3284457150309485671, guid: f5c36a35f0557224ba6a6d8e0f5211e9, type: 3}
  m_PrefabInstance: {fileID: 8616523178197542698}
  m_PrefabAsset: {fileID: 0}
--- !u!114 &1531329479
MonoBehaviour:
  m_ObjectHideFlags: 0
  m_CorrespondingSourceObject: {fileID: 0}
  m_PrefabInstance: {fileID: 0}
  m_PrefabAsset: {fileID: 0}
  m_GameObject: {fileID: 6485383909525826381}
  m_Enabled: 1
  m_EditorHideFlags: 0
  m_Script: {fileID: 11500000, guid: 9fc0a14e7855fe84f9eea6ec45b4c5f4, type: 3}
  m_Name: 
  m_EditorClassIdentifier: 
  _hotspots:
  - {fileID: 0}
  - {fileID: 0}
  - {fileID: 0}
  - {fileID: 0}
  - {fileID: 0}
  - {fileID: 0}
  - {fileID: 0}
  _hotspotPannels:
  - {fileID: 0}
--- !u!114 &5402505213680721657
MonoBehaviour:
  m_ObjectHideFlags: 0
  m_CorrespondingSourceObject: {fileID: 0}
  m_PrefabInstance: {fileID: 0}
  m_PrefabAsset: {fileID: 0}
  m_GameObject: {fileID: 6485383909525826381}
  m_Enabled: 1
  m_EditorHideFlags: 0
  m_Script: {fileID: 11500000, guid: 9461f1b48982941428cf276acdf24208, type: 3}
  m_Name: 
  m_EditorClassIdentifier: 
